@inproceedings{rankin11,
author = {Arturo L. Rankin and Larry H. Matthies and and Paolo Bellutta},
title ="{Daytime Water Detection Based on Sky Reflections}",
year = 2011,
booktitle = "IEEE International Conference on Robotics and Automation"
}

@inproceedings{santana12,
author = {Pedro Santana and Ricardo Mendonca and Jos Barata},
title ="{Water detection with segmentation guided dynamic texture recognition }",
year = 2012,
booktitle = "IEEE International Conference on Robotics and Biometrics"
}

@article{Chapelle99,
author = {Olivier Chapelle and Patrick Haffner and Vladimir N. Vapnik},
title = "{Support Vector Machines for Histogram-Based Image Classification}",
journal = {IEEE TRANSACTIONS ON NEURAL NETWORKS},
vol = {10},
no = {5},
year = 1999,
month = sep
}

@TECHREPORT{WHO15Dengue,
institution = "WHO",
author = "{World Health Organization}",
title = "{Dengue and severe dengue. Fact sheet no. 117}",
year = "2015",
howpublished={\url{http://www.who.int/mediacentre/factsheets/fs117/en/}}
}

@article{Cecilia14,
author = {Dayaraj Cecilia},
title = {Current status of dengue and chikungunya in India},
journal = {WHO South-East Asia Journal of Public Health},
vol = {3},
no = {1},
year = {2014}
}

@TECHREPORT{WHO15Malaria,
institution = "WHO",
author = "{World Health Organization}",
title = "{Malaria. Fact sheet no. 94}",
year = "2015",
howpublished={\url{http://www.who.int/mediacentre/factsheets/fs094/en/}}
}


@MISC{Liu11,
author = {Ce Liu},
title = "{Optical Flow Matlab/C++ Code}",
howpublished={\url{http://people.csail.mit.edu/celiu/OpticalFlow/}}
}

@inproceedings{zhang10,
author = {Hua Zhang and Xiaojie Guo and Xiaochun Cao},
title = "{Water Reflection Detection Using a Flip Invariant Shape Detector}",
booktitle = {ICPR},
year = {2010}
}

@phdthesis{Liu11Thesis,
title = "{Beyond Pixels: Exploring New Representations and Applications for Motion Analysis}",
school = "{Massachusetts Institute of Technology}",
author = {Ce Liu},
year = {2009}
}

@MISC{Microsoft15,
title = "{Project Premonition}",
author = "{Microsoft Research}",
howpublished={\url{http://research.microsoft.com/en-us/um/redmond/projects/projectpremonition/default.aspx}}
}